% This file was created with JabRef 2.9.2.
% Encoding: ISO8859_1

% Order alphabetically
% Use something like https://flamingtempura.github.io/bibtex-tidy/ to clean all your bibtex entries

@book{ecmwf2016,
	series = {{IFS} {Documentation}},
	title = {{IFS} {Documentation} {CY41R2}},
	url = {https://www.ecmwf.int/node/16646},
	publisher = {ECMWF},
	author = {{ECMWF}},
	year = {2016},
}