% This file was created with JabRef 2.9.2.
% Encoding: ISO8859_1

% Order alphabetically
% Make sure all are consistent -- e.g. either all have Month or None do
% Use something like https://flamingtempura.github.io/bibtex-tidy/ to clean all your bibtex entries

@MISC{ecmwf,
	key={ECMWF},
	title = {{ERA5}: data documentation, Known issues},
	howpublished = {\url{https://confluence.ecmwf.int/display/CKB/ERA5%3A+data+documentation#heading-Knownissues}},
	note = {Last Accessed: November 15th, 2022},
	year={2022}
}
