% This file was created with JabRef 2.9.2.
% Encoding: ISO8859_1

% Order alphabetically
% Make sure all are consistent -- e.g. either all have Month or None do
% Use something like https://flamingtempura.github.io/bibtex-tidy/ to clean all your bibtex entries

@MISC{maps_wa,
	key={Google Maps},
	title = {{W}estern {A}ustralia},
	howpublished = {\url{https://www.google.com/maps/@-30.9647554,119.2306323,1919065m/data=!3m1!1e3}},
	note = {Last Accessed: November 1st, 2022},
	year={2022}
}

@MISC{maps_ca,
	key={Google Maps},
	title = {{C}entral {A}merica},
	howpublished = {\url{https://www.google.com/maps/@13.9272885,-88.0715799,2172225m/data=!3m1!1e3}},
	note = {Last Accessed: November 1st, 2022},
	year={2022}
}

@MISC{maps_sa,
	key={Google Maps},
	title = {{N}orthern {B}razil},
	howpublished = {\url{https://www.google.com/maps/@-8.9314753,-48.3178392,4421764m/data=!3m1!1e3}},
	note = {Last Accessed: November 1st, 2022},
	year={2022}
}

@MISC{twp_wa,
	key={The Wind Power},
	title = {{A}ustralia - {M}ap},
	howpublished = {\url{https://www.thewindpower.net/country_maps_en_16_australia.php}},
	note = {Last Accessed: November 2nd, 2022},
	year={2022}
}

@MISC{twp_hd,
	key={The Wind Power},
	title = {{H}onduras - {M}ap},
	howpublished = {\url{https://www.thewindpower.net/country_maps_en_83_honduras.php}},
	note = {Last Accessed: November 2nd, 2022},
	year={2022}
}

@MISC{twp_nc,
	key={The Wind Power},
	title = {{N}icaragua - {M}ap},
	howpublished = {\url{https://www.thewindpower.net/country_maps_en_84_nicaragua.php}},
	note = {Last Accessed: November 2nd, 2022},
	year={2022}
}

@MISC{twp_cr,
	key={The Wind Power},
	title = {{C}osta {R}ica - {M}ap},
	howpublished = {\url{https://www.thewindpower.net/country_maps_en_29_costa-rica.php}},
	note = {Last Accessed: November 2nd, 2022},
	year={2022}
}

@MISC{twp_br,
	key={The Wind Power},
	title = {{B}razil - {M}ap},
	howpublished = {\url{https://www.thewindpower.net/country_maps_en_26_brazil.php}},
	note = {Last Accessed: November 2nd, 2022},
	year={2022}
}

@article{justus1977,
	title = {Methods for {Estimating} {Wind} {Speed} {Distributions}},
	volume = {17},
	journal = {Journal of Applied Meteorology},
	author = {Justus, C. G. and Hargraves, W. R. and Mikhail, Amir and Graber, Denise},
	year = {1977}
}

@article{chen2016,
	title = {Structural integrity of wind turbines impacted by tropical cyclones: {A} case study from {China}},
	volume = {753},
	issn = {1742-6588, 1742-6596},
	shorttitle = {Structural integrity of wind turbines impacted by tropical cyclones},
	url = {https://iopscience.iop.org/article/10.1088/1742-6596/753/4/042003},
	doi = {10.1088/1742-6596/753/4/042003},
	language = {en},
	urldate = {2022-08-29},
	journal = {Journal of Physics: Conference Series},
	author = {Chen, Xiao and Li, Chuanfeng and Tang, Jing},
	month = sep,
	year = {2016},
}

@article{chen2015,
	title = {Failure investigation on a coastal wind farm damaged by super typhoon: {A} forensic engineering study},
	volume = {147},
	issn = {01676105},
	shorttitle = {Failure investigation on a coastal wind farm damaged by super typhoon},
	url = {https://linkinghub.elsevier.com/retrieve/pii/S0167610515002482},
	doi = {10.1016/j.jweia.2015.10.007},
	language = {en},
	urldate = {2022-08-29},
	journal = {Journal of Wind Engineering and Industrial Aerodynamics},
	author = {Chen, Xiao and Li, Chuanfeng and Xu, Jianzhong},
	month = dec,
	year = {2015},
	pages = {132--142}
}

@MISC{ge_web,
	key={GE Energy},
	title = {Riders {On} {The} {Storm}: {GE} {Is} {Building} {A} {Wind} {Turbine} {That} {Can} {Weather} {Violent} {Typhoons}, {Hurricanes} {\textbar} {GE} {News}},
	howpublished = {\url{https://www.ge.com/news/reports/riders-storm-ge-building-wind-turbine-can-weather-violent-typhoons-hurricanes}},
	note = {Last Accessed: November 3rd, 2022},
	year={2018}
}

@article{lee2012,
	title = {An estimation of the extreme wind speed using the {Korea} wind map},
	volume = {42},
	issn = {09601481},
	url = {https://linkinghub.elsevier.com/retrieve/pii/S0960148111005623},
	doi = {10.1016/j.renene.2011.09.033},
	language = {en},
	urldate = {2022-08-29},
	journal = {Renewable Energy},
	author = {Lee, Bong-Hee and Ahn, Dong-Joon and Kim, Hyun-Goo and Ha, Young-Cheol},
	month = jun,
	year = {2012},
	pages = {4--10},
}

@article{palutikof1999,
	title = {A review of methods to calculate extreme wind speeds},
	volume = {6},
	issn = {13504827},
	url = {http://doi.wiley.com/10.1017/S1350482799001103},
	doi = {10.1017/S1350482799001103},
	language = {en},
	number = {2},
	urldate = {2022-08-29},
	journal = {Meteorological Applications},
	author = {Palutikof, J P and Brabson, B B and Lister, D H and Adcock, S T},
	month = jun,
	year = {1999},
	pages = {119--132},
}

@article{ramon2019,
	title = {What global reanalysis best represents near-surface winds?},
	volume = {145},
	doi = {10.1002/qj.3616},
	journal = {Quarterly Journal of the Royal Meteorological Society},
	author = {Ramon, Jaume and Llorenç, Lledó and Verónica, Torralba and Soret, Albert and Doblas-Reyes, Francisco J.},
	year = {2019},
	pages = {3236--3251},
}

@article{torralba2017,
	title = {Uncertainty in recent near-surface wind speed trends: a global reanalysis intercomparison},
	volume = {12},
	issn = {1748-9326},
	url = {https://iopscience.iop.org/article/10.1088/1748-9326/aa8a58},
	doi = {10.1088/1748-9326/aa8a58},
	language = {en},
	number = {11},
	urldate = {2022-02-11},
	journal = {Environmental Research Letters},
	author = {Torralba, Verónica and Doblas-Reyes, Francisco J and Gonzalez-Reviriego, Nube},
	month = nov,
	year = {2017},
	pages = {114019}
}

@MISC{era5,
	title = {{ERA5} hourly data on single levels from 1959 to present},
	doi = {10.24381/cds.adbb2d47},
	author = {Hersbach, H and Bell, B and Berrisford, P and Biavati, G and Horanyi, A and Munoz Sabater, J and Nicola, J and Peubey, C and Radu, R and Rozum, I and Schepers, D and Simmons, A and Soci, C and Dee, D and Thepaut, J-N},
	note = {Copernicus Climate Change Service (C3S) Climate Data Store (CDS). Last Accessed: September 26th, 2022},
	year={2018}
}

@article{liang2021,
	title = {The {Global} {Land} {Surface} {Satellite} ({GLASS}) {Product} {Suite}},
	volume = {102},
	issn = {0003-0007, 1520-0477},
	url = {https://journals.ametsoc.org/view/journals/bams/102/2/BAMS-D-18-0341.1.xml},
	doi = {10.1175/BAMS-D-18-0341.1},
	language = {en},
	number = {2},
	urldate = {2022-11-05},
	journal = {Bulletin of the American Meteorological Society},
	author = {Liang, Shunlin and Cheng, Jie and Jia, Kun and Jiang, Bo and Liu, Qiang and Xiao, Zhiqiang and Yao, Yunjun and Yuan, Wenping and Zhang, Xiaotong and Zhao, Xiang and Zhou, Ji},
	month = feb,
	year = {2021},
	pages = {E323--E337},
}

@article{lyons1993,
	title = {Land–{Atmosphere} {Interaction} in a {Semiarid} {Region}: {The} {Bunny} {Fence} {Experiment}},
	volume = {74},
	issn = {0003-0007, 1520-0477},
	shorttitle = {Land–{Atmosphere} {Interaction} in a {Semiarid} {Region}},
	language = {en},
	number = {7},
	urldate = {2022-06-21},
	journal = {Bulletin of the American Meteorological Society},
	author = {Lyons, T. J. and Xinmei, Huang and Schwerdtfeger, P. and Hacker, J. M. and Foster, I. J. and Smith, R. C. G.},
	month = jul,
	year = {1993},
	pages = {1327--1334},
}

@article{xinmei1995,
	title = {Meteorlogical impact of replacing native perennial vegetation with annual agricultural species},
	volume = {9},
	issn = {08856087, 10991085},
	url = {https://onlinelibrary.wiley.com/doi/10.1002/hyp.3360090512},
	doi = {10.1002/hyp.3360090512},
	language = {en},
	number = {5-6},
	urldate = {2022-10-22},
	journal = {Hydrological Processes},
	author = {Xinmei, Huang and Lyons, T. J. and Smith, R. C. G.},
	month = jun,
	year = {1995},
	pages = {645--654},
}

@article{lyons1996,
	title = {{THE} {IMPACT} {OF} {CLEARING} {FOR} {AGRICULTURE} {ON} {THE} {SURFACE} {ENERGY} {BUDGET}},
	volume = {16},
	issn = {0899-8418, 1097-0088},
	url = {https://onlinelibrary.wiley.com/doi/10.1002/(SICI)1097-0088(199605)16:5<551::AID-JOC25>3.0.CO;2-9},
	doi = {10.1002/(SICI)1097-0088(199605)16:5<551::AID-JOC25>3.0.CO;2-9},
	language = {en},
	number = {5},
	urldate = {2022-06-21},
	journal = {International Journal of Climatology},
	author = {Lyons, T. J. and Smith, R. C. G. and Xinmei, Huang},
	month = may,
	year = {1996},
	pages = {551--558},
}

@article{lyons2002,
	title = {Clouds prefer native vegetation},
	volume = {80},
	issn = {0177-7971, 1436-5065},
	url = {http://link.springer.com/10.1007/s007030200020},
	doi = {10.1007/s007030200020},
	language = {en},
	number = {1-4},
	urldate = {2022-06-21},
	journal = {Meteorology and Atmospheric Physics},
	author = {Lyons, T. J.},
	month = jun,
	year = {2002},
	pages = {131--140},
}

@article{esau2002,
	title = {Effect of sharp vegetation boundary on the convective atmospheric boundary layer},
	volume = {114},
	issn = {01681923},
	url = {https://linkinghub.elsevier.com/retrieve/pii/S0168192302001545},
	doi = {10.1016/S0168-1923(02)00154-5},
	language = {en},
	number = {1-2},
	urldate = {2022-10-22},
	journal = {Agricultural and Forest Meteorology},
	author = {Esau, I.N and Lyons, T.J},
	month = dec,
	year = {2002},
	pages = {3--13},
}

@article{ray2003,
	title = {Effects of land use in {Southwest} {Australia}: 1. {Observations} of cumulus cloudiness and energy fluxes},
	volume = {108},
	issn = {0148-0227},
	shorttitle = {Effects of land use in {Southwest} {Australia}},
	url = {http://doi.wiley.com/10.1029/2002JD002654},
	doi = {10.1029/2002JD002654},
	language = {en},
	number = {D14},
	urldate = {2022-06-20},
	journal = {Journal of Geophysical Research},
	author = {Ray, Deepak K. and Nair, Udaysankar S and Welch, Ronald M and Han, Qingyuan and Zeng, Jian and Su, Wenying and Kikuchi, Tokio and Lyons, Tom J},
	year = {2003},
	pages = {4414},
}

@MISC{offshore_map,
	key={4C Offshore},
	title = {{G}lobal {O}ffshore {R}enewable {M}ap},
	howpublished = {\url{https://map.4coffshore.com/offshorewind/}},
	note = {Last Accessed: November 5th, 2022},
	year={2022}
}

@article{norris2020,
	title = {The {Observed} {Water} {Vapor} {Budget} in an {Atmospheric} {River} over the {Northeast} {Pacific}},
	volume = {21},
	issn = {1525-755X, 1525-7541},
	url = {https://journals.ametsoc.org/view/journals/hydr/21/11/JHM-D-20-0048.1.xml},
	doi = {10.1175/JHM-D-20-0048.1},
	language = {en},
	number = {11},
	urldate = {2022-11-05},
	journal = {Journal of Hydrometeorology},
	author = {Norris, Joel R. and Ralph, F. Martin and Demirdjian, Reuben and Cannon, Forest and Blomquist, Byron and Fairall, Christopher W. and Spackman, J. Ryan and Tanelli, Simone and Waliser, Duane E.},
	month = nov,
	year = {2020},
	pages = {2655--2673},
}

@article{yan2020,
	title = {Atmospheric {Water} {Vapor} {Budget} and {Its} {Long}‐{Term} {Trend} {Over} the {Tibetan} {Plateau}},
	volume = {125},
	issn = {2169-897X, 2169-8996},
	url = {https://onlinelibrary.wiley.com/doi/10.1029/2020JD033297},
	doi = {10.1029/2020JD033297},
	language = {en},
	number = {23},
	urldate = {2022-11-05},
	journal = {Journal of Geophysical Research: Atmospheres},
	author = {Yan, Hongru and Huang, Jianping and He, Yongli and Liu, Yuzhi and Wang, Tianhe and Li, Jiming},
	month = dec,
	year = {2020},
}

@MISC{twp_ge,
	key={The Wind Power},
	title = {{GE} {E}nergy 2.5-100},
	howpublished = {\url{https://www.thewindpower.net/turbine_en_382_ge-energy_2.5-100.php}},
	note = {Last Accessed: November 5th, 2022},
	year={2022}
}

@MISC{twp_gw,
	key={The Wind Power},
	title = {{G}oldwind {GW}100/2500},
	howpublished = {\url{https://www.thewindpower.net/turbine_en_669_goldwind_gw100-2500.php}},
	note = {Last Accessed: November 5th, 2022},
	year={2022}
}

@MISC{twp_vt,
	key={The Wind Power},
	title = {{V}estas {V}100/2600},
	howpublished = {\url{https://www.thewindpower.net/turbine_en_778_vestas_v100-2600.php}},
	note = {Last Accessed: November 5th, 2022},
	year={2022}
}

@misc{metpy,
	author = {May, Ryan M. and Arms, Sean C. and Marsh, Patrick and Bruning, Eric and Leeman,
	John R. and Goebbert, Kevin and Thielen, Jonathan E. and Bruick, Zachary S. and Camron, M. Drew.},
	publisher = {Unidata},
	title = {MetPy: A {Python} Package for Meteorological Data},
	howpublished = {\url{https://github.com/Unidata/MetPy}}
	year = {2022},
	doi = {10.5065/D6WW7G29},
}

@MISC{ind_source,
	key={NOAA-PSL and NOAA-CPC},
	title = {{C}limate {I}ndices: {M}onthly {A}tmospheric and {O}cean {T}ime {S}eries},
	howpublished = {\url{https://psl.noaa.gov/data/climateindices/list/}},
	note = {Last Accessed: November 5th, 2022},
	year={2022}
}

@article{xarray,
	title     = {xarray: {N-D} labeled arrays and datasets in {Python}},
	author    = {Hoyer, S. and J. Hamman},
	journal   = {Journal of Open Research Software},
	volume    = {5},
	number    = {1},
	year      = {2017},
	publisher = {Ubiquity Press},
	doi       = {10.5334/jors.148},
	url       = {https://doi.org/10.5334/jors.148}
}

@Article{matplotlib,
	Author    = {Hunter, J. D.},
	Title     = {Matplotlib: A 2D graphics environment},
	Journal   = {Computing in Science \& Engineering},
	Volume    = {9},
	Number    = {3},
	Pages     = {90--95},
	publisher = {IEEE COMPUTER SOC},
	doi       = {10.1109/MCSE.2007.55},
	year      = 2007
}

@manual{cartopy,
	author = {{Met Office}},
	title = {Cartopy: a cartographic python library with a matplotlib interface},
	year = {2010 - 2015},
	address = {Exeter, Devon },
	url = {http://scitools.org.uk/cartopy}
}

@Manual{dask,
	title = {Dask: Library for dynamic task scheduling},
	author = {{Dask Development Team}},
	year = {2016},
	url = {https://dask.org},
}

@article{fang2019,
	title = {An {Overview} of {Global} {Leaf} {Area} {Index} ({LAI}): {Methods}, {Products}, {Validation}, and {Applications}},
	volume = {57},
	issn = {8755-1209, 1944-9208},
	shorttitle = {An {Overview} of {Global} {Leaf} {Area} {Index} ({LAI})},
	url = {https://onlinelibrary.wiley.com/doi/abs/10.1029/2018RG000608},
	doi = {10.1029/2018RG000608},
	language = {en},
	number = {3},
	urldate = {2022-07-19},
	journal = {Reviews of Geophysics},
	author = {Fang, Hongliang and Baret, Frédéric and Plummer, Stephen and Schaepman‐Strub, Gabriela},
	month = sep,
	year = {2019},
	pages = {739--799},
}

@article{fan2021,
	title = {Evaluation of {Global} {Reanalysis} {Land} {Surface} {Wind} {Speed} {Trends} to {Support} {Wind} {Energy} {Development} {Using} {In} {Situ} {Observations}},
	volume = {60},
	issn = {1558-8424, 1558-8432},
	url = {https://journals.ametsoc.org/view/journals/apme/60/1/jamc-d-20-0037.1.xml},
	doi = {10.1175/JAMC-D-20-0037.1},
	language = {en},
	number = {1},
	urldate = {2022-04-18},
	journal = {Journal of Applied Meteorology and Climatology},
	author = {Fan, Wenxin and Liu, Yi and Chappell, Adrian and Dong, Li and Xu, Rongrong and Ekström, Marie and Fu, Tzung-May and Zeng, Zhenzhong},
	month = jan,
	year = {2021},
	pages = {33--50},
}

@article{clarke2021,
	title = {Which {Reanalysis} {Dataset} {Should} {We} {Use} for {Renewable} {Energy} {Analysis} in {Ireland}?},
	volume = {12},
	issn = {2073-4433},
	url = {https://www.mdpi.com/2073-4433/12/5/624},
	doi = {10.3390/atmos12050624},
	language = {en},
	number = {5},
	urldate = {2022-04-09},
	journal = {Atmosphere},
	author = {Doddy Clarke, Eadaoin and Griffin, Seánie and McDermott, Frank and Monteiro Correia, João and Sweeney, Conor},
	month = may,
	year = {2021},
	pages = {624},
}