% This file was created with JabRef 2.9.2.
% Encoding: ISO8859_1

% Order alphabetically
% Make sure all are consistent -- e.g. either all have Month or None do
% Use something like https://flamingtempura.github.io/bibtex-tidy/ to clean all your bibtex entries

@techreport{ipcc_2007,
	address = {Cambridge ; New York},
	title = {Climate change 2007: the physical science basis: contribution of {Working} {Group} {II} to the {Fourth} {Assessment} {Report} of the {Intergovernmental} {Panel} on {Climate} {Change}},
	shorttitle = {Climate change 2007},
	language = {en},
	institution = {Cambridge University Press},
	author = {{IPCC}},
	year = {2007},
}

@MISC{dpird_2021,
	key={Department of Primary Industries and Regional Development},
	title = {Wheat yield potential and land management constraints in the south-west of {W}estern {A}ustralia},
	howpublished = {\url{https://www.agric.wa.gov.au/managing-soils/wheat-yield-potential-and-land-management-constraints-south-west-western-australia}},
	note = {Last Accessed: November 2nd, 2022},
	year={2021}
}

@article{bunyard2017,
	title = {Condensation and partial pressure change as a major cause of airflow: {Experimental} evidence},
	volume = {84},
	issn = {2346-2183, 0012-7353},
	shorttitle = {Condensation and partial pressure change as a major cause of airflow},
	url = {https://revistas.unal.edu.co/index.php/dyna/article/view/61253},
	doi = {10.15446/dyna.v84n202.61253},
	language = {en},
	number = {202},
	urldate = {2021-11-02},
	journal = {DYNA},
	author = {Bunyard, Peter Paul and Hodnett, Martin and Peña, Carlos and Burgos Salcedo, Javier},
	month = jul,
	year = {2017},
	pages = {92--101}
}

@techreport{bunyard2015,
	type = {preprint},
	title = {Experimental evidence of condensation-driven airflow},
	url = {https://hess.copernicus.org/preprints/12/10921/2015/},
	language = {en},
	urldate = {2021-11-03},
	institution = {Hydrometeorology/Instruments and observation techniques},
	author = {Bunyard, P. and Hodnett, M. and Poveda, G. and Burgos Salcedo, J. D. and Peña, C.},
	month = oct,
	year = {2015},
	doi = {10.5194/hessd-12-10921-2015},
}

@article{bunyard2019,
	title = {Further experimental evidence that condensation is a major cause of airflow},
	volume = {86},
	issn = {2346-2183, 0012-7353},
	url = {https://revistas.unal.edu.co/index.php/dyna/article/view/73288},
	doi = {10.15446/dyna.v86n209.73288},
	language = {en},
	number = {209},
	urldate = {2021-11-03},
	journal = {DYNA},
	author = {Bunyard, Peter Paul and Hodnett, Martin and Peña, Carlos and Burgos-Salcedo, Javier D.},
	month = apr,
	year = {2019},
	pages = {56--63},
}

@article{gero2006,
	title = {The impact of land cover change on storms in the {Sydney} {Basin}, {Australia}},
	volume = {54},
	issn = {09218181},
	url = {https://linkinghub.elsevier.com/retrieve/pii/S092181810600110X},
	doi = {10.1016/j.gloplacha.2006.05.003},
	language = {en},
	number = {1-2},
	urldate = {2022-03-22},
	journal = {Global and Planetary Change},
	author = {Gero, A.F. and Pitman, , A.J and Narisma, G.T. and Jacobson, C and Pielke Sr., R.A.},
	month = nov,
	year = {2006},
	pages = {57--78},
}

@article{cutrim1995,
	title = {Enhancement of {Cumulus} {Clouds} over {Deforested} {Lands} in {Amazonia}},
	volume = {76},
	number = {10},
	journal = {Bulletin of the American Meteorological Society},
	author = {Cutrim, Elen and Martin, David W. and Rabin, Robert},
	year = {1995}
}

@book{gorshkov2000,
	title = {Biotic {Regulation} of the {Environment}: {Key} {Issue} of {Global} {Change}},
	publisher = {Praxis Publishing Ltd},
	author = {Gorshkov, Victor G. and Gorshkov, Vadim V. and Makarieva, Anastassia M.},
	year = {2000},
}

@article{knox2011,
	title = {Precipitation {Variability} over the {Forest}-to-{Nonforest} {Transition} in {Southwestern} {Amazonia}},
	volume = {24},
	issn = {0894-8755, 1520-0442},
	url = {http://journals.ametsoc.org/doi/10.1175/2010JCLI3815.1},
	doi = {10.1175/2010JCLI3815.1},
	language = {en},
	number = {9},
	urldate = {2022-10-27},
	journal = {Journal of Climate},
	author = {Knox, Ryan and Bisht, Gautam and Wang, Jingfeng and Bras, Rafael},
	month = may,
	year = {2011},
	pages = {2368--2377},
}

@article{khanna2017,
	title = {Regional dry-season climate changes due to three decades of {Amazonian} deforestation},
	volume = {7},
	issn = {1758-678X, 1758-6798},
	url = {http://www.nature.com/articles/nclimate3226},
	doi = {10.1038/nclimate3226},
	language = {en},
	number = {3},
	urldate = {2022-10-27},
	journal = {Nature Climate Change},
	author = {Khanna, Jaya and Medvigy, David and Fueglistaler, Stephan and Walko, Robert},
	month = mar,
	year = {2017},
	pages = {200--204}
}

@article{taylor2022,
	title = {“{Late}-stage” deforestation enhances storm trends in coastal {West} {Africa}},
	volume = {119},
	issn = {0027-8424, 1091-6490},
	url = {https://pnas.org/doi/full/10.1073/pnas.2109285119},
	doi = {10.1073/pnas.2109285119},
	language = {en},
	number = {2},
	urldate = {2022-10-25},
	journal = {Proceedings of the National Academy of Sciences},
	author = {Taylor, Christopher M. and Klein, Cornelia and Parker, Douglas J. and Gerard, France and Semeena, Valiyaveetil Shamsudheen and Barton, Emma J. and Harris, Bethan L.},
	month = jan,
	year = {2022},
	pages = {e2109285119},
}

@article{xu2022,
	title = {Contrasting impacts of forests on cloud cover based on satellite observations},
	volume = {13},
	issn = {2041-1723},
	url = {https://www.nature.com/articles/s41467-022-28161-7},
	doi = {10.1038/s41467-022-28161-7},
	language = {en},
	number = {1},
	urldate = {2022-10-25},
	journal = {Nature Communications},
	author = {Xu, Ru and Li, Yan and Teuling, Adriaan J. and Zhao, Lei and Spracklen, Dominick V. and Garcia-Carreras, Luis and Meier, Ronny and Chen, Liang and Zheng, Youtong and Lin, Huiqing and Fu, Bojie},
	month = feb,
	year = {2022},
	pages = {670}
}

@article{mahmood2011,
	title = {Sensitivity of planetary boundary layer atmosphere to historical and future changes of land use/land cover, vegetation fraction, and soil moisture in {Western} {Kentucky}, {USA}},
	volume = {78},
	issn = {09218181},
	url = {https://linkinghub.elsevier.com/retrieve/pii/S0921818111000786},
	doi = {10.1016/j.gloplacha.2011.05.007},
	language = {en},
	number = {1-2},
	urldate = {2022-02-10},
	journal = {Global and Planetary Change},
	author = {Mahmood, Rezaul and Leeper, Ronnie and Quintanar, Arturo I.},
	month = jul,
	year = {2011},
	pages = {36--53}
}
