% This file was created with JabRef 2.9.2.
% Encoding: ISO8859_1

% Order alphabetically
% Make sure all are consistent -- e.g. either all have Month or None do
% Use something like https://flamingtempura.github.io/bibtex-tidy/ to clean all your bibtex entries

@article{marx2017,
	title = {{UAV} data for multi-temporal {Landsat} analysis of historic reforestation: a case study in {Costa} {Rica}},
	volume = {38},
	issn = {0143-1161, 1366-5901},
	shorttitle = {{UAV} data for multi-temporal {Landsat} analysis of historic reforestation},
	url = {https://www.tandfonline.com/doi/full/10.1080/01431161.2017.1280637},
	doi = {10.1080/01431161.2017.1280637},
	language = {en},
	number = {8-10},
	urldate = {2022-10-30},
	journal = {International Journal of Remote Sensing},
	author = {Marx, Andrew and McFarlane, Donald and Alzahrani, Ahmed},
	month = may,
	year = {2017},
	pages = {2331--2348},
}

@MISC{wa_drivers,
	key={WA Department of Primary Industries and Regional Development},
	title = {{C}limate drivers of the {S}outh {W}est {L}and {D}ivision},
	howpublished = {\url{https://web.archive.org/web/20221116040647/https://www.agric.wa.gov.au/climate-weather/climate-drivers-south-west-land-division}},
	note = {Last Accessed: November 8th, 2022},
	year={2021}
}

@techreport{berthot1997,
	title = {Understanding the natural variability of currents along the {Western} {Australian} coastline},
	language = {en},
	urldate = {2022-11-15},
	institution = {SRFME Collaboration: CSIRO, WA Government, UWA},
	author = {Berthot, Alexis and Pattiaratchi, Charitha and Feng, Ming and Li, Yun and Meyers, Gary},
	month = jan,
	year = {1997},
}

@MISC{bauxite_hydro,
	key={WA Department of Water and Environmental Regulation},
	title = {Effects of mining - bauxite hydrology},
	howpublished = {\url{https://web.archive.org/web/20221116041724/https://www.water.wa.gov.au/water-topics/water-quality/managing-water-quality/effects-of-mining-bauxite-hydrology}},
	note = {Last Accessed: November 16th, 2022},
}

@techreport{johnson2003,
	address = {Western Australia},
	title = {{MINE} {VOID} {WATER} {RESOURCE} {ISSUES} {IN} {WESTERN} {AUSTRALIA}},
	language = {en},
	number = {HG 9},
	institution = {Water and Rivers Commission},
	author = {Johnson, S L and Wright, A H},
	year = {2003},
}

@article{junkermann2009,
	title = {Land use change suppresses precipitation},
	language = {en},
	journal = {Atmos. Chem. Phys.},
	author = {Junkermann, W and Hacker, J and Lyons, T and Nair, U},
	year = {2009},
	pages = {9},
}

@article{gordon2003,
	title = {Land cover change and water vapour flows: learning from {Australia}},
	volume = {358},
	issn = {0962-8436, 1471-2970},
	url = {https://royalsocietypublishing.org/doi/10.1098/rstb.2003.1381},
	doi = {10.1098/rstb.2003.1381},
	language = {en},
	number = {1440},
	urldate = {2022-04-15},
	journal = {Philosophical Transactions of the Royal Society of London. Series B: Biological Sciences},
	author = {Gordon, Line and Dunlop, Michael and Foran, Barney},
	month = dec,
	year = {2003},
	pages = {1973--1984},
}

@article{pitman2004,
	title = {Impact of land cover change on the climate of southwest {Western} {Australia}},
	volume = {109},
	issn = {0148-0227},
	url = {http://doi.wiley.com/10.1029/2003JD004347},
	doi = {10.1029/2003JD004347},
	language = {en},
	number = {D18},
	urldate = {2022-03-22},
	journal = {Journal of Geophysical Research},
	author = {Pitman, A. J. and Narisma, G. T. and Pielke Sr., R.A. and Holbrook, N. J.},
	year = {2004},
	pages = {D18109},
}

@article{narisma2003,
	title = {The {Impact} of 200 {Years} of {Land} {Cover} {Change} on the {Australian} {Near}-{Surface} {Climate}},
	volume = {4},
	issn = {1525-755X, 1525-7541},
	url = {http://journals.ametsoc.org/doi/10.1175/1525-7541(2003)4<424:TIOYOL>2.0.CO;2},
	doi = {10.1175/1525-7541(2003)4<424:TIOYOL>2.0.CO;2},
	language = {en},
	number = {2},
	urldate = {2022-03-22},
	journal = {Journal of Hydrometeorology},
	author = {Narisma, G. T. and Pitman, A. J.},
	month = apr,
	year = {2003},
	pages = {424--436},
}

@article{martius2021,
	title = {Local and remote atmospheric responses to soil moisture anomalies in {Australia}},
	issn = {0894-8755, 1520-0442},
	url = {https://journals.ametsoc.org/view/journals/clim/aop/JCLI-D-21-0130.1/JCLI-D-21-0130.1.xml},
	doi = {10.1175/JCLI-D-21-0130.1},
	language = {en},
	urldate = {2022-06-20},
	journal = {Journal of Climate},
	author = {Martius, Olivia and Wehrli, Kathrin and Rohrer, Marco},
	month = aug,
	year = {2021},
	pages = {1--48},
}