% This file was created with JabRef 2.9.2.
% Encoding: ISO8859_1

% Order alphabetically
% Make sure all are consistent -- e.g. either all have Month or None do
% Use something like https://flamingtempura.github.io/bibtex-tidy/ to clean all your bibtex entries

@article{zeng2019,
	title = {A reversal in global terrestrial stilling and its implications for wind energy production},
	volume = {9},
	issn = {1758-678X, 1758-6798},
	url = {http://www.nature.com/articles/s41558-019-0622-6},
	doi = {10.1038/s41558-019-0622-6},
	language = {en},
	number = {12},
	urldate = {2022-02-10},
	journal = {Nature Climate Change},
	author = {Zeng, Zhenzhong and Ziegler, Alan D. and Searchinger, Timothy and Yang, Long and Chen, Anping and Ju, Kunlu and Piao, Shilong and Li, Laurent Z. X. and Ciais, Philippe and Chen, Deliang and Liu, Junguo and Azorin-Molina, Cesar and Chappell, Adrian and Medvigy, David and Wood, Eric F.},
	month = dec,
	year = {2019},
	pages = {979--985},
}

@article{shen2021,
	title = {Centennial-scale variability of terrestrial near-surface wind speed over {China} from reanalysis},
	issn = {0894-8755, 1520-0442},
	url = {https://journals.ametsoc.org/view/journals/clim/aop/JCLI-D-20-0436.1/JCLI-D-20-0436.1.xml},
	doi = {10.1175/JCLI-D-20-0436.1},
	language = {en},
	urldate = {2022-02-11},
	journal = {Journal of Climate},
	author = {Shen, Cheng and Zha, Jinlin and Wu, Jian and Zhao, Deming},
	month = apr,
	year = {2021},
	pages = {1--52},
}

@article{mcvicar2008,
	title = {Wind speed climatology and trends for {Australia}, 1975–2006: {Capturing} the stilling phenomenon and comparison with near-surface reanalysis output},
	volume = {35},
	issn = {0094-8276},
	url = {http://doi.wiley.com/10.1029/2008GL035627},
	doi = {10.1029/2008GL035627},
	language = {en},
	number = {20},
	urldate = {2022-04-11},
	journal = {Geophysical Research Letters},
	author = {McVicar, Tim R. and Van Niel, Thomas G. and Li, Ling Tao and Roderick, Michael L. and Rayner, David P. and Ricciardulli, Lucrezia and Donohue, Randall J.},
	month = oct,
	year = {2008},
	pages = {L20403},
}

@article{jaswal2013,
	title = {Climatology and trends in near-surface wind speed over {India} during 1961-2008},
	volume = {64},
	doi = {10.54302/mausam.v64i3.725},
	language = {en},
	number = {3},
	journal = {MAUSAM},
	author = {Jaswal, A K and Koppar, A L},
	year = {2013},
}

@article{azorin-molina2014,
	title = {Homogenization and {Assessment} of {Observed} {Near}-{Surface} {Wind} {Speed} {Trends} over {Spain} and {Portugal}, 1961–2011},
	volume = {27},
	issn = {0894-8755, 1520-0442},
	url = {http://journals.ametsoc.org/doi/10.1175/JCLI-D-13-00652.1},
	doi = {10.1175/JCLI-D-13-00652.1},
	language = {en},
	number = {10},
	urldate = {2022-02-11},
	journal = {Journal of Climate},
	author = {Azorin-Molina, Cesar and Vicente-Serrano, Sergio M. and McVicar, Tim R. and Jerez, Sonia and Sanchez-Lorenzo, Arturo and López-Moreno, Juan-I. and Revuelto, Jesus and Trigo, Ricardo M. and Lopez-Bustins, Joan A. and Espírito-Santo, Fátima},
	month = may,
	year = {2014},
	pages = {3692--3712},
}

@article{minola2022,
	title = {Wind stilling‐reversal across {Sweden}: {The} impact of land‐use and large‐scale atmospheric circulation changes},
	volume = {42},
	issn = {0899-8418, 1097-0088},
	url = {https://onlinelibrary.wiley.com/doi/10.1002/joc.7289},
	doi = {10.1002/joc.7289},
	language = {en},
	number = {2},
	urldate = {2022-04-17},
	journal = {International Journal of Climatology},
	author = {Minola, Lorenzo and Reese, Heather and Lai, Hui‐Wen and Azorin‐Molina, Cesar and Guijarro, Jose A. and Son, Seok‐Woo and Chen, Deliang},
	month = feb,
	year = {2022},
	pages = {1049--1071},
}

@article{minola2016,
	title = {Homogenization and {Assessment} of {Observed} {Near}-{Surface} {Wind} {Speed} {Trends} across {Sweden}, 1956–2013},
	volume = {29},
	issn = {0894-8755, 1520-0442},
	url = {http://journals.ametsoc.org/doi/10.1175/JCLI-D-15-0636.1},
	doi = {10.1175/JCLI-D-15-0636.1},
	language = {en},
	number = {20},
	urldate = {2022-02-11},
	journal = {Journal of Climate},
	author = {Minola, Lorenzo and Azorin-Molina, Cesar and Chen, Deliang},
	month = oct,
	year = {2016},
	pages = {7397--7415},
}

@article{azorin-molina2018,
	title = {Recent trends in wind speed across {Saudi} {Arabia}, 1978-2013: a break in the stilling},
	volume = {38},
	issn = {08998418},
	url = {https://onlinelibrary.wiley.com/doi/10.1002/joc.5423},
	doi = {10.1002/joc.5423},
	urldate = {2022-02-11},
	journal = {International Journal of Climatology},
	author = {Azorin-Molina, Cesar and Rehman, Shafiqur and Guijarro, Jose A. and McVicar, Tim R. and Minola, Lorenzo and Chen, Deliang and Vicente-Serrano, Sergio M.},
	month = apr,
	year = {2018},
	pages = {e966--e984},
}

@article{zha2021,
	title = {Terrestrial {Near}-{Surface} {Wind} {Speed} {Variations} in {China}: {Research} {Progress} and {Prospects}},
	volume = {35},
	issn = {2095-6037, 2198-0934},
	url = {https://link.springer.com/10.1007/s13351-021-0143-x},
	doi = {10.1007/s13351-021-0143-x},
	language = {en},
	number = {3},
	urldate = {2022-02-10},
	journal = {Journal of Meteorological Research},
	author = {Zha, Jinlin and Zhao, Deming and Wu, Jian and Shen, Cheng},
	month = jun,
	year = {2021},
	pages = {537--556},
}

@article{li2008,
	title = {The climate influence of anthropogenic land-use changes on near-surface wind energy potential in {China}},
	volume = {53},
	issn = {2095-9273, 2095-9281},
	url = {http://link.springer.com/10.1007/s11434-008-0360-z},
	doi = {10.1007/s11434-008-0360-z},
	language = {en},
	number = {18},
	urldate = {2022-02-10},
	journal = {Chinese Science Bulletin},
	author = {Li, Yan and Wang, Yuan and Chu, HuiYun and Tang, JianPing},
	month = sep,
	year = {2008},
	pages = {2859--2866},
}

@article{azorin-molina2018_drift,
	title = {Evaluating anemometer drift: {A} statistical approach to correct biases in wind speed measurement},
	volume = {203},
	doi = {10.1016/j.atmosres.2017.12.010},
	journal = {Atmospheric Research},
	author = {Azorin-Molina, Cesar and Asin, Jesus and McVicar, Tim R. and Minola, Lorenzo and Lopez-Moreno, Juan I. and Vicente-Serrano, Sergio M. and Chen, Deliang},
	year = {2018},
	pages = {175--188},
}

@article{zhao2002,
	title = {The regional scale impact of land cover change simulated with a climate model},
	volume = {22},
	issn = {0899-8418, 1097-0088},
	url = {https://onlinelibrary.wiley.com/doi/10.1002/joc.727},
	doi = {10.1002/joc.727},
	language = {en},
	number = {3},
	urldate = {2022-02-10},
	journal = {International Journal of Climatology},
	author = {Zhao, Mei and Pitman, A. J.},
	month = feb,
	year = {2002},
	pages = {271--290},
}

@article{lapworth2003,
	title = {Factors determining the decrease in surface wind speed following the evening transition},
	volume = {129},
	issn = {1477870X, 00359009},
	url = {http://doi.wiley.com/10.1256/qj.02.163},
	doi = {10.1256/qj.02.163},
	language = {en},
	number = {591},
	urldate = {2022-03-23},
	journal = {Quarterly Journal of the Royal Meteorological Society},
	author = {Lapworth, A.},
	month = apr,
	year = {2003},
	pages = {1945--1968},
}

@article{lapworth2006,
	title = {The {Morning} {Transition} of the {Nocturnal} {Boundary} {Layer}},
	volume = {119},
	issn = {0006-8314, 1573-1472},
	url = {http://link.springer.com/10.1007/s10546-005-9046-0},
	doi = {10.1007/s10546-005-9046-0},
	language = {en},
	number = {3},
	urldate = {2022-02-11},
	journal = {Boundary-Layer Meteorology},
	author = {Lapworth, A.},
	month = jun,
	year = {2006},
	pages = {501--526},
}

@article{he2013,
	title = {Diurnal variations of land surface wind speed probability distributions under clear-sky and low-cloud conditions},
	volume = {40},
	issn = {00948276},
	url = {http://doi.wiley.com/10.1002/grl.50575},
	doi = {10.1002/grl.50575},
	language = {en},
	number = {12},
	urldate = {2022-02-11},
	journal = {Geophysical Research Letters},
	author = {He, Yanping and Monahan, Adam H. and McFarlane, Norman A.},
	month = jun,
	year = {2013},
	pages = {3308--3314},
}

@article{fan2021,
	title = {Evaluation of {Global} {Reanalysis} {Land} {Surface} {Wind} {Speed} {Trends} to {Support} {Wind} {Energy} {Development} {Using} {In} {Situ} {Observations}},
	volume = {60},
	issn = {1558-8424, 1558-8432},
	url = {https://journals.ametsoc.org/view/journals/apme/60/1/jamc-d-20-0037.1.xml},
	doi = {10.1175/JAMC-D-20-0037.1},
	language = {en},
	number = {1},
	urldate = {2022-04-18},
	journal = {Journal of Applied Meteorology and Climatology},
	author = {Fan, Wenxin and Liu, Yi and Chappell, Adrian and Dong, Li and Xu, Rongrong and Ekström, Marie and Fu, Tzung-May and Zeng, Zhenzhong},
	month = jan,
	year = {2021},
	pages = {33--50},
}

@article{zhang2019,
	title = {Analysis of near-surface wind speed change in {China} during 1958–2015},
	volume = {137},
	issn = {0177-798X, 1434-4483},
	url = {http://link.springer.com/10.1007/s00704-019-02769-0},
	doi = {10.1007/s00704-019-02769-0},
	language = {en},
	number = {3-4},
	urldate = {2022-02-11},
	journal = {Theoretical and Applied Climatology},
	author = {Zhang, Ruhua and Zhang, Shiyan and Luo, Jiali and Han, Yuanyuan and Zhang, Junxia},
	month = aug,
	year = {2019},
	pages = {2785--2801},
}

@article{zhang2020,
	title = {Diurnal {Climatology} of {Planetary} {Boundary} {Layer} {Height} {Over} the {Contiguous} {United} {States} {Derived} {From} {AMDAR} and {Reanalysis} {Data}},
	volume = {125},
	issn = {2169-897X, 2169-8996},
	url = {https://onlinelibrary.wiley.com/doi/10.1029/2020JD032803},
	doi = {10.1029/2020JD032803},
	language = {en},
	number = {20},
	urldate = {2022-03-09},
	journal = {Journal of Geophysical Research: Atmospheres},
	author = {Zhang, Yuanjie and Sun, Kang and Gao, Zhiqiu and Pan, Zaitao and Shook, Michael A. and Li, Dan},
	month = oct,
	year = {2020},
}

@article{zhang2022,
	title = {Rapid urbanization induced daily maximum wind speed decline in metropolitan areas: {A} case study in the {Yangtze} {River} {Delta} ({China})},
	volume = {43},
	issn = {22120955},
	url = {https://linkinghub.elsevier.com/retrieve/pii/S2212095522000657},
	doi = {10.1016/j.uclim.2022.101147},
	language = {en},
	urldate = {2022-04-17},
	journal = {Urban Climate},
	author = {Zhang, Gangfeng and Azorin-Molina, Cesar and Wang, Xuejia and Chen, Deliang and McVicar, Tim R. and Guijarro, Jose A. and Chappell, Adrian and Deng, Kaiqiang and Minola, Lorenzo and Kong, Feng and Wang, Shuo and Shi, Peijun},
	month = may,
	year = {2022},
	pages = {101147},
}

@article{ramon2019,
	title = {What global reanalysis best represents near-surface winds?},
	volume = {145},
	doi = {10.1002/qj.3616},
	journal = {Quarterly Journal of the Royal Meteorological Society},
	author = {Ramon, Jaume and Llorenç, Lledó and Verónica, Torralba and Soret, Albert and Doblas-Reyes, Francisco J.},
	year = {2019},
	pages = {3236--3251},
}

@article{torralba2017,
	title = {Uncertainty in recent near-surface wind speed trends: a global reanalysis intercomparison},
	volume = {12},
	issn = {1748-9326},
	url = {https://iopscience.iop.org/article/10.1088/1748-9326/aa8a58},
	doi = {10.1088/1748-9326/aa8a58},
	language = {en},
	number = {11},
	urldate = {2022-02-11},
	journal = {Environmental Research Letters},
	author = {Torralba, Verónica and Doblas-Reyes, Francisco J and Gonzalez-Reviriego, Nube},
	month = nov,
	year = {2017},
	pages = {114019},
}

@article{guo2011,
	title = {Changes in near-surface wind speed in {China}: 1969-2005},
	volume = {31},
	issn = {08998418},
	shorttitle = {Changes in near-surface wind speed in {China}},
	url = {https://onlinelibrary.wiley.com/doi/10.1002/joc.2091},
	doi = {10.1002/joc.2091},
	language = {en},
	number = {3},
	urldate = {2022-02-11},
	journal = {International Journal of Climatology},
	author = {Guo, Hua and Xu, Ming and Hu, Qi},
	month = mar,
	year = {2011},
	pages = {349--358},
}

@article{jiang2019,
	title = {China’s progress towards sustainable land degradation control: {Insights} from the northwest arid regions},
	volume = {127},
	issn = {09258574},
	url = {https://linkinghub.elsevier.com/retrieve/pii/S0925857418304257},
	doi = {10.1016/j.ecoleng.2018.11.014},
	language = {en},
	urldate = {2022-04-12},
	journal = {Ecological Engineering},
	author = {Jiang, Chong and Liu, Junguo and Zhang, Haiyan and Zhang, Zhidong and Wang, Dewang},
	month = feb,
	year = {2019},
	pages = {75--87},
}

@book{geiger1950,
	address = {Cambridge, Massachusetts},
	title = {The {Climate} {Near} {The} {Ground}},
	publisher = {Harvard University Press},
	author = {Geiger, Rudolf},
	year = {1950},
}

@article{narisma2003,
	title = {The {Impact} of 200 {Years} of {Land} {Cover} {Change} on the {Australian} {Near}-{Surface} {Climate}},
	volume = {4},
	issn = {1525-755X, 1525-7541},
	url = {http://journals.ametsoc.org/doi/10.1175/1525-7541(2003)4<424:TIOYOL>2.0.CO;2},
	doi = {10.1175/1525-7541(2003)4<424:TIOYOL>2.0.CO;2},
	language = {en},
	number = {2},
	urldate = {2022-03-22},
	journal = {Journal of Hydrometeorology},
	author = {Narisma, G. T. and Pitman, A. J.},
	month = apr,
	year = {2003},
	pages = {424--436},
}

@article{pitman2004,
	title = {Impact of land cover change on the climate of southwest {Western} {Australia}},
	volume = {109},
	issn = {0148-0227},
	url = {http://doi.wiley.com/10.1029/2003JD004347},
	doi = {10.1029/2003JD004347},
	language = {en},
	number = {D18},
	urldate = {2022-03-22},
	journal = {Journal of Geophysical Research},
	author = {Pitman, A. J. and Narisma, G. T. and Pielke Sr., R.A. and Holbrook, N. J.},
	year = {2004},
	pages = {D18109},
}

@article{hutjes1998,
	title = {Biospheric {Aspects} of the {Hydrological} {Cycle}},
	volume = {212-213},
	issn = {00221694},
	url = {https://linkinghub.elsevier.com/retrieve/pii/S0022169498002558},
	doi = {10.1016/S0022-1694(98)00255-8},
	language = {en},
	urldate = {2022-03-22},
	journal = {Journal of Hydrology},
	author = {Hutjes, R.W.A. and Kabat, P. and Running, S.W. and Shuttleworth, W.J. and Field, C. and Bass, B. and da Silva Dias, M.A.F. and Avissar, R. and Becker, A. and Claussen, M. and Dolman, A.J. and Feddes, R.A. and Fosberg, M. and Fukushima, Y. and Gash, J.H.C. and Guenni, L. and Hoff, H. and Jarvis, P.G. and Kayane, I. and Krenke, A.N. and Liu, Changming and Meybeck, M. and Nobre, C.A. and Oyebande, L. and Pitman, A. and Pielke Sr., R.A. and Raupach, M. and Saugier, B. and Schulze, E.D. and Sellers, P.J. and Tenhunen, J.D. and Valentini, R. and Victoria, R.L. and Vörösmarty, C.J.},
	month = dec,
	year = {1998},
	pages = {1--21},
}

@article{li2020,
	title = {Local and teleconnected temperature effects of afforestation and vegetation greening in {China}},
	volume = {7},
	issn = {2095-5138, 2053-714X},
	url = {https://academic.oup.com/nsr/article/7/5/897/5567451},
	doi = {10.1093/nsr/nwz132},
	language = {en},
	number = {5},
	urldate = {2022-04-12},
	journal = {National Science Review},
	author = {Li, Yue and Piao, Shilong and Chen, Anping and Ciais, Philippe and Li, Laurent Z X},
	month = may,
	year = {2020},
	pages = {897--912},
}

@article{makarieva2013,
	title = {Where do winds come from? {A} new theory on how water vapor condensation influences atmospheric pressure and dynamics},
	volume = {13},
	issn = {1680-7324},
	url = {https://acp.copernicus.org/articles/13/1039/2013/},
	doi = {10.5194/acp-13-1039-2013},
	language = {en},
	number = {2},
	urldate = {2021-11-02},
	journal = {Atmospheric Chemistry and Physics},
	author = {Makarieva, Anastassia M. and Gorshkov, Victor G. and Sheil, D. and Nobre, A. D. and Li, B.-L.},
	month = jan,
	year = {2013},
	pages = {1039--1056},
}

@article{zhao2001,
	title = {The impact of land cover change on the atmospheric circulation},
	volume = {17},
	issn = {0930-7575},
	url = {http://link.springer.com/10.1007/PL00013740},
	doi = {10.1007/PL00013740},
	language = {en},
	number = {5-6},
	urldate = {2022-03-22},
	journal = {Climate Dynamics},
	author = {Zhao, M. and Pitman, A. J. and Chase, T.},
	month = mar,
	year = {2001},
	pages = {467--477},
}

@article{matthew2017,
	title = {Simulating the effects of climate change and afforestation on wind power potential in {Nigeria}},
	volume = {22},
	issn = {22131388},
	url = {https://linkinghub.elsevier.com/retrieve/pii/S2213138817302862},
	doi = {10.1016/j.seta.2017.05.009},
	language = {en},
	urldate = {2022-03-19},
	journal = {Sustainable Energy Technologies and Assessments},
	author = {Matthew, Olaniran J. and Ohunakin, Olayinka S.},
	month = aug,
	year = {2017},
	pages = {41--54},
}

@MISC{gadd_thermals,
	title = {Part 2: {Thermals} and {Clouds}},
	howpublished = {\url{https://web.archive.org/web/20220415063620/https://www.skynomad.com/articles/thermal_clouds.htm}},
	note = {Last Accessed: November 14th, 2022},
	author = {Gadd, Will},
}

@book{pagen1992,
	edition = {First},
	title = {Understanding the {Sky}},
	language = {en},
	author = {Pagen, Dennis},
	year = {1992},
}

@book{pagen2001,
	address = {Spring Mills, PA.},
	title = {The {Art} of {Paragliding}},
	isbn = {978-0-936310-14-5},
	language = {en},
	publisher = {Sport Aviation Publications},
	author = {Pagen, Dennis},
	year = {2001},
	note = {OCLC: 225368330},
}

@MISC{benz2021_read,
	title = {How to {Read} {Big} {Clouds}},
	howpublished = {\url{https://web.archive.org/web/20220415064021/https://www.youtube.com/watch?v=suiYnO5IqRs}},
	note = {Last Accessed: November 14th, 2022},
	author = {Benz, Sebastian},
	month = aug,
	year = {2021},
}

@MISC{benz2021_full,
	title = {Insane {Full} {Cloud} {Cover} {XC}!},
	howpublished = {\url{https://web.archive.org/web/20220415064844/https://www.youtube.com/watch?v=n_mfE7xXSVI}},
	note = {Last Accessed: November 14th, 2022},
	author = {Benz, Sebastian},
	month = mar,
	year = {2021},
}

@MISC{rejmanek2018,
	title = {10 {Years} of {What} {I} {Know} {About} the {Weather}},
	howpublished = {\url{https://web.archive.org/web/20210225053908/https://xcmag.com/magazine-articles/honza-rejmanek-10-years-of-what-i-know-about-the-weather/}},
	note = {Last Accessed: November 14th, 2022},
	author = {Rejmanek, Honza},
	year = {2018},
}

@article{gordon2003,
	title = {Land cover change and water vapour flows: learning from {Australia}},
	volume = {358},
	issn = {0962-8436, 1471-2970},
	url = {https://royalsocietypublishing.org/doi/10.1098/rstb.2003.1381},
	doi = {10.1098/rstb.2003.1381},
	language = {en},
	number = {1440},
	urldate = {2022-04-15},
	journal = {Philosophical Transactions of the Royal Society of London. Series B: Biological Sciences},
	author = {Gordon, Line and Dunlop, Michael and Foran, Barney},
	month = dec,
	year = {2003},
	pages = {1973--1984},
}

@article{jiang2013,
	title = {Improved vegetation greenness increases summer atmospheric water vapor over {Northern} {China}},
	volume = {118},
	issn = {2169897X},
	url = {http://doi.wiley.com/10.1002/jgrd.50602},
	doi = {10.1002/jgrd.50602},
	language = {en},
	number = {15},
	urldate = {2022-02-28},
	journal = {Journal of Geophysical Research: Atmospheres},
	author = {Jiang, Bo and Liang, Shunlin},
	month = aug,
	year = {2013},
	pages = {8129--8139},
}

@article{yan2013,
	title = {A {Simulation} {Study} on {Climatic} {Effects} of {Land} {Cover} {Change} in {China}},
	volume = {4},
	issn = {16749278},
	url = {https://linkinghub.elsevier.com/retrieve/pii/S1674927813500165},
	doi = {10.3724/SP.J.1248.2013.117},
	language = {en},
	number = {2},
	urldate = {2022-04-15},
	journal = {Advances in Climate Change Research},
	author = {Yan, Yu and Zheng-Hui, Xie},
	month = jun,
	year = {2013},
	pages = {117--126},
}

@article{zhang2016,
	title = {Multi-decadal trends in global terrestrial evapotranspiration and its components},
	volume = {6},
	issn = {2045-2322},
	url = {http://www.nature.com/articles/srep19124},
	doi = {10.1038/srep19124},
	language = {en},
	number = {1},
	urldate = {2022-04-15},
	journal = {Scientific Reports},
	author = {Zhang, Yongqiang and Peña-Arancibia, Jorge L. and McVicar, Tim R. and Chiew, Francis H. S. and Vaze, Jai and Liu, Changming and Lu, Xingjie and Zheng, Hongxing and Wang, Yingping and Liu, Yi Y. and Miralles, Diego G. and Pan, Ming},
	month = may,
	year = {2016},
	pages = {19124},
}

@article{zhi2009,
	title = {Climate-vegetation interannual variability in a coupled atmosphere-ocean-land model},
	volume = {26},
	issn = {0256-1530, 1861-9533},
	url = {http://link.springer.com/10.1007/s00376-009-0599-6},
	doi = {10.1007/s00376-009-0599-6},
	language = {en},
	number = {3},
	urldate = {2022-02-10},
	journal = {Advances in Atmospheric Sciences},
	author = {Zhi, Hai and Wang, Panxing and Dan, Li and Yu, Yongqiang and Xu, Yongfu and Zheng, Weipeng},
	month = may,
	year = {2009},
	pages = {599--612},
}

@article{dutta2009,
	title = {Impact of vegetation on the simulation of seasonal monsoon rainfall over the {Indian} subcontinent using a regional model},
	volume = {118},
	issn = {0253-4126, 0973-774X},
	url = {http://link.springer.com/10.1007/s12040-009-0048-z},
	doi = {10.1007/s12040-009-0048-z},
	language = {en},
	number = {5},
	urldate = {2022-02-10},
	journal = {Journal of Earth System Science},
	author = {Dutta, Surya K. and Das, Someshwar and Kar, S. C. and Mohanty, U. C. and Joshi, P. C.},
	month = oct,
	year = {2009},
	pages = {413--440},
}

@article{kroniger2018,
	title = {Effect of {Secondary} {Circulations} on the {Surface}–{Atmosphere} {Exchange} of {Energy} at an {Isolated} {Semi}-arid {Forest}},
	volume = {169},
	issn = {0006-8314, 1573-1472},
	url = {http://link.springer.com/10.1007/s10546-018-0370-6},
	doi = {10.1007/s10546-018-0370-6},
	language = {en},
	number = {2},
	urldate = {2022-04-12},
	journal = {Boundary-Layer Meteorology},
	author = {Kröniger, Konstantin and De Roo, Frederik and Brugger, Peter and Huq, Sadiq and Banerjee, Tirtha and Zinsser, Judith and Rotenberg, Eyal and Yakir, Dan and Rohatyn, Shani and Mauder, Matthias},
	month = nov,
	year = {2018},
	pages = {209--232},
}

@article{nair2011,
	title = {The role of land use change on the development and evolution of the west coast trough, convective clouds, and precipitation in southwest {Australia}},
	volume = {116},
	issn = {0148-0227},
	url = {http://doi.wiley.com/10.1029/2010JD014950},
	doi = {10.1029/2010JD014950},
	language = {en},
	number = {D7},
	urldate = {2022-04-14},
	journal = {Journal of Geophysical Research},
	author = {Nair, Udaysankar S. and Wu, Y. and Kala, J. and Lyons, T. J. and Pielke Sr., R. A. and Hacker, J. M.},
	month = apr,
	year = {2011},
}

@article{wang2009,
	title = {Impact of deforestation in the {Amazon} basin on cloud climatology},
	volume = {106},
	issn = {0027-8424, 1091-6490},
	url = {https://pnas.org/doi/full/10.1073/pnas.0810156106},
	doi = {10.1073/pnas.0810156106},
	language = {en},
	number = {10},
	urldate = {2022-04-15},
	journal = {Proceedings of the National Academy of Sciences},
	author = {Wang, Jingfeng and Chagnon, Frédéric J. F. and Williams, Earle R. and Betts, Alan K. and Renno, Nilton O. and Machado, Luiz A. T. and Bisht, Gautam and Knox, Ryan and Bras, Rafael L.},
	month = mar,
	year = {2009},
	pages = {3670--3674},
}

@article{xu2022,
	title = {Contrasting impacts of forests on cloud cover based on satellite observations},
	volume = {13},
	issn = {2041-1723},
	url = {https://www.nature.com/articles/s41467-022-28161-7},
	doi = {10.1038/s41467-022-28161-7},
	language = {en},
	number = {1},
	urldate = {2022-04-15},
	journal = {Nature Communications},
	author = {Xu, Ru and Li, Yan and Teuling, Adriaan J. and Zhao, Lei and Spracklen, Dominick V. and Garcia-Carreras, Luis and Meier, Ronny and Chen, Liang and Zheng, Youtong and Lin, Huiqing and Fu, Bojie},
	year = {2022},
	pages = {670},
}

@article{pena2013,
	title = {Observations of the atmospheric boundary layer height under marine upstream flow conditions at a coastal site},
	volume = {118},
	issn = {2169897X},
	url = {http://doi.wiley.com/10.1002/jgrd.50175},
	doi = {10.1002/jgrd.50175},
	language = {en},
	number = {4},
	urldate = {2022-04-18},
	journal = {Journal of Geophysical Research: Atmospheres},
	author = {Peña, A. and Gryning, S.-E. and Hahmann, A.N.},
	month = feb,
	year = {2013},
	pages = {1924--1940},
}

@article{tompkins2001_org,
	title = {Organization of {Tropical} {Convection} in {Low} {Vertical} {Wind} {Shears}: {The} {Role} of {Water} {Vapor}},
	volume = {58},
	issn = {0022-4928, 1520-0469},
	language = {en},
	number = {6},
	urldate = {2022-03-09},
	journal = {Journal of the Atmospheric Sciences},
	author = {Tompkins, Adrian M.},
	month = mar,
	year = {2001},
	pages = {529--545},
}

@article{tompkins2001_rel,
	title = {On the {Relationship} between {Tropical} {Convection} and {Sea} {Surface} {Temperature}},
	volume = {14},
	issn = {0894-8755, 1520-0442},
	url = {http://journals.ametsoc.org/doi/10.1175/1520-0442(2001)014<0633:OTRBTC>2.0.CO;2},
	doi = {10.1175/1520-0442(2001)014<0633:OTRBTC>2.0.CO;2},
	language = {en},
	number = {5},
	urldate = {2022-04-15},
	journal = {Journal of Climate},
	author = {Tompkins, Adrian M.},
	month = mar,
	year = {2001},
	pages = {633--637},
}

@article{colin2019,
	title = {Identifying the {Sources} of {Convective} {Memory} in {Cloud}-{Resolving} {Simulations}},
	volume = {76},
	issn = {0022-4928, 1520-0469},
	url = {https://journals.ametsoc.org/doi/10.1175/JAS-D-18-0036.1},
	doi = {10.1175/JAS-D-18-0036.1},
	language = {en},
	number = {3},
	urldate = {2022-03-09},
	journal = {Journal of the Atmospheric Sciences},
	author = {Colin, Maxime and Sherwood, Steven and Geoffroy, Olivier and Bony, Sandrine and Fuchs, David},
	month = mar,
	year = {2019},
	pages = {947--962},
}

@article{mahmood2014,
	title = {Land cover changes and their biogeophysical effects on climate},
	volume = {34},
	issn = {08998418},
	url = {https://onlinelibrary.wiley.com/doi/10.1002/joc.3736},
	doi = {10.1002/joc.3736},
	language = {en},
	number = {4},
	urldate = {2022-04-14},
	journal = {International Journal of Climatology},
	author = {Mahmood, Rezaul and Pielke Sr., Roger A. and Hubbard, Kenneth G. and Niyogi, Dev and Dirmeyer, Paul A. and McAlpine, Clive and Carleton, Andrew M. and Hale, Robert and Gameda, Samuel and Beltrán-Przekurat, Adriana and Baker, Bruce and McNider, Richard and Legates, David R. and Shepherd, Marshall and Du, Jinyang and Blanken, Peter D. and Frauenfeld, Oliver W. and Nair, U.S. and Fall, Souleymane},
	month = mar,
	year = {2014},
	pages = {929--953},
}

@article{hong1995,
	title = {Role of vegetation in generation of mesoscale circulation},
	volume = {29},
	issn = {13522310},
	url = {https://linkinghub.elsevier.com/retrieve/pii/135223109400241C},
	doi = {10.1016/1352-2310(94)00241-C},
	language = {en},
	number = {16},
	urldate = {2022-04-14},
	journal = {Atmospheric Environment},
	author = {Hong, Xiaodong and Leach, Martin J. and Raman, Sethu},
	month = aug,
	year = {1995},
	pages = {2163--2176},
}

@article{zhuojia1995,
	title = {Mesoscale vegetation-breeze circulations and their impact on boundary layer structures at night},
	volume = {12},
	issn = {0256-1530, 1861-9533},
	url = {http://link.springer.com/10.1007/BF02661285},
	doi = {10.1007/BF02661285},
	language = {en},
	number = {1},
	urldate = {2022-04-14},
	journal = {Advances in Atmospheric Sciences},
	author = {Zhuojia, Ye and Xinyuan, Jia},
	month = mar,
	year = {1995},
	pages = {29--46},
}

@article{mahmood2011,
	title = {Sensitivity of planetary boundary layer atmosphere to historical and future changes of land use/land cover, vegetation fraction, and soil moisture in {Western} {Kentucky}, {USA}},
	volume = {78},
	issn = {09218181},
	url = {https://linkinghub.elsevier.com/retrieve/pii/S0921818111000786},
	doi = {10.1016/j.gloplacha.2011.05.007},
	language = {en},
	number = {1-2},
	urldate = {2022-02-10},
	journal = {Global and Planetary Change},
	author = {Mahmood, Rezaul and Leeper, Ronnie and Quintanar, Arturo I.},
	month = jul,
	year = {2011},
	pages = {36--53},
}

@techreport{eea2009,
	address = {Luxembourg},
	title = {Europe's onshore and offshore wind energy potential: {An} assessment of environmental and economic constraints},
	url = {https://data.europa.eu/doi/10.2800/11373},
	language = {en},
	urldate = {2022-03-25},
	institution = {Office for Official Publications of the European Communities},
	author = {{European Environment Agency}},
	year = {2009},
}

@article{wu2018,
	title = {Changes in terrestrial near-surface wind speed and their possible causes: an overview},
	volume = {51},
	issn = {0930-7575, 1432-0894},
	url = {http://link.springer.com/10.1007/s00382-017-3997-y},
	doi = {10.1007/s00382-017-3997-y},
	language = {en},
	number = {5-6},
	urldate = {2022-02-10},
	journal = {Climate Dynamics},
	author = {Wu, Jian and Zha, Jinlin and Zhao, Deming and Yang, Qidong},
	month = sep,
	year = {2018},
	pages = {2039--2078},
}

@article{gero2006,
	title = {The impact of land cover change on storms in the {Sydney} {Basin}, {Australia}},
	volume = {54},
	issn = {09218181},
	url = {https://linkinghub.elsevier.com/retrieve/pii/S092181810600110X},
	doi = {10.1016/j.gloplacha.2006.05.003},
	language = {en},
	number = {1-2},
	urldate = {2022-03-22},
	journal = {Global and Planetary Change},
	author = {Gero, A.F. and Pitman, , A.J and Narisma, G.T. and Jacobson, C and Pielke Sr., R.A.},
	month = nov,
	year = {2006},
	pages = {57--78},
}

@article{droste2018,
	title = {Introducing the urban wind island effect},
	volume = {13},
	issn = {1748-9326},
	url = {https://iopscience.iop.org/article/10.1088/1748-9326/aad8ef},
	doi = {10.1088/1748-9326/aad8ef},
	language = {en},
	number = {9},
	urldate = {2022-02-10},
	journal = {Environmental Research Letters},
	author = {Droste, A M and Steeneveld, G J and Holtslag, A A M},
	month = sep,
	year = {2018},
}

@article{yu2009,
	title = {Diurnal variation of surface wind over central eastern {China}},
	volume = {33},
	issn = {0930-7575, 1432-0894},
	url = {http://link.springer.com/10.1007/s00382-008-0478-3},
	doi = {10.1007/s00382-008-0478-3},
	language = {en},
	number = {7-8},
	urldate = {2022-03-24},
	journal = {Climate Dynamics},
	author = {Yu, Rucong and Li, Jian and Chen, Haoming},
	month = dec,
	year = {2009},
	pages = {1089--1097},
}

@inproceedings{nair2011_aerosol,
	address = {Washington State Convention Center},
	title = {Land use change impact on aerosols and clouds in southwest {Australia}},
	author = {Nair, Udaysankar S. and Junkermann, W. and Lyons, T. J. and Hacker, J. and Wu, Y. and Kala, J.},
	month = jan,
	year = {2011},
}

@article{taipale2021,
	title = {Modelling the influence of biotic plant stress on atmospheric aerosol particle processes throughout a growing season},
	volume = {21},
	issn = {1680-7324},
	url = {https://acp.copernicus.org/articles/21/17389/2021/},
	doi = {10.5194/acp-21-17389-2021},
	language = {en},
	number = {23},
	urldate = {2022-04-19},
	journal = {Atmospheric Chemistry and Physics},
	author = {Taipale, Ditte and Kerminen, Veli-Matti and Ehn, Mikael and Kulmala, Markku and Niinemets, Ulo},
	month = dec,
	year = {2021},
	pages = {17389--17431},
}

@article{yli-juuti2021,
	title = {Significance of the organic aerosol driven climate feedback in the boreal area},
	volume = {12},
	issn = {2041-1723},
	url = {https://www.nature.com/articles/s41467-021-25850-7},
	doi = {10.1038/s41467-021-25850-7},
	language = {en},
	number = {1},
	urldate = {2022-04-19},
	journal = {Nature Communications},
	author = {Yli-Juuti, Taina and Mielonen, Tero and Heikkinen, Liine and Arola, Antti and Ehn, Mikael and Isokääntä, Sini and Keskinen, Helmi-Marja and Kulmala, Markku and Laakso, Anton and Lipponen, Antti and Luoma, Krista and Mikkonen, Santtu and Nieminen, Tuomo and Paasonen, Pauli and Petäjä, Tuukka and Romakkaniemi, Sami and Tonttila, Juha and Kokkola, Harri and Virtanen, Annele},
	month = dec,
	year = {2021},
	pages = {5637},
}

@article{kitada1998,
	title = {Effects of {Topography} and {Urbanization} on {Local} {Winds} and {Thermal} {Environment} in the {Nohbi} {Plain}, {Coastal} {Region} of {Central} {Japan}: {A} {Numerical} {Analysis} by {Mesoscale} {Meteorological} {Model} with a k-epsilon {Turbulence} {Model}},
	volume = {37},
	doi = {10.1175/1520-0450(1998)037<1026:EOTAUO>2.0.CO;2},
	language = {en},
	journal = {Journal of Applied Meteorology},
	author = {Kitada, Toshihiro and Okamura, Kiyoshi and Tanaka, Setsu},
	year = {1998},
	pages = {21},
}

@article{rajeswari2022,
	title = {Impact of urbanization on boundary-layer parameters and mesoscale circulations over tropical coastal city, {Chennai}},
	volume = {134},
	issn = {0177-7971, 1436-5065},
	url = {https://link.springer.com/10.1007/s00703-021-00843-9},
	doi = {10.1007/s00703-021-00843-9},
	language = {en},
	number = {1},
	urldate = {2022-02-10},
	journal = {Meteorology and Atmospheric Physics},
	author = {Rajeswari, J. R. and Srinivas, C. V. and Venkatraman, B.},
	month = feb,
	year = {2022},
	pages = {3},
}

@article{koo2010,
	title = {Variation of regional circulations due to long-term change of land use in the {Daegu} metropolitan region for 100 years},
	volume = {46},
	issn = {1976-7633, 1976-7951},
	url = {http://link.springer.com/10.1007/s13143-010-0006-3},
	doi = {10.1007/s13143-010-0006-3},
	language = {en},
	number = {1},
	urldate = {2022-02-10},
	journal = {Asia-Pacific Journal of Atmospheric Sciences},
	author = {Koo, Hyun-Suk and Kim, Hae-Dong and Yun, Won-Tae and Lee, Soon-Hwan},
	month = feb,
	year = {2010},
	pages = {53--64},
}

@article{zha2017_zones,
	title = {Changes of the probabilities in different ranges of near-surface wind speed in {China} during the period for 1970–2011},
	volume = {169},
	issn = {01676105},
	url = {https://linkinghub.elsevier.com/retrieve/pii/S0167610516305621},
	doi = {10.1016/j.jweia.2017.07.019},
	language = {en},
	urldate = {2022-02-11},
	journal = {Journal of Wind Engineering and Industrial Aerodynamics},
	author = {Zha, Jinlin and Wu, Jian and Zhao, Deming and Yang, Qidong},
	month = oct,
	year = {2017},
	pages = {156--167},
}

@article{zha2017,
	title = {Effects of land use and cover change on the near-surface wind speed over {China} in the last 30 years},
	volume = {41},
	issn = {0309-1333, 1477-0296},
	url = {http://journals.sagepub.com/doi/10.1177/0309133316663097},
	doi = {10.1177/0309133316663097},
	language = {en},
	number = {1},
	urldate = {2022-02-11},
	journal = {Progress in Physical Geography: Earth and Environment},
	author = {Zha, Jinlin and Wu, Jian and Zhao, Deming},
	month = feb,
	year = {2017},
	pages = {46--67},
}

@article{zha2016,
	title = {Changes of probabilities in different wind grades induced by land use and cover change in {Eastern} {China} {Plain} during 1980–2011},
	volume = {17},
	issn = {1530-261X, 1530-261X},
	url = {https://onlinelibrary.wiley.com/doi/10.1002/asl.653},
	doi = {10.1002/asl.653},
	language = {en},
	number = {4},
	urldate = {2022-02-11},
	journal = {Atmospheric Science Letters},
	author = {Zha, Jinlin and Wu, Jian and Zhao, Deming},
	month = apr,
	year = {2016},
	pages = {264--269},
}

@article{wang2020,
	title = {Urbanization {Impact} on {Regional} {Wind} {Stilling}: {A} {Modeling} {Study} in the {Beijing}‐{Tianjin}‐{Hebei} {Region} of {China}},
	volume = {125},
	issn = {2169-897X, 2169-8996},
	url = {https://onlinelibrary.wiley.com/doi/10.1029/2020JD033132},
	doi = {10.1029/2020JD033132},
	language = {en},
	number = {20},
	urldate = {2022-02-10},
	journal = {Journal of Geophysical Research: Atmospheres},
	author = {Wang, Jun and Feng, Jinming and Yan, Zhongwei and Zha, Jinlin},
	month = oct,
	year = {2020},
}

@article{zhang2021,
	title = {Uneven {Warming} {Likely} {Contributed} to {Declining} {Near}‐{Surface} {Wind} {Speeds} in {Northern} {China} {Between} 1961 and 2016},
	volume = {126},
	issn = {2169-897X, 2169-8996},
	url = {https://onlinelibrary.wiley.com/doi/10.1029/2020JD033637},
	doi = {10.1029/2020JD033637},
	language = {en},
	number = {11},
	urldate = {2022-02-11},
	journal = {Journal of Geophysical Research: Atmospheres},
	author = {Zhang, Gangfeng and Azorin‐Molina, Cesar and Chen, Deliang and McVicar, Tim R. and Guijarro, Jose A. and Kong, Feng and Minola, Lorenzo and Deng, Kaiqiang and Shi, Peijun},
	month = jun,
	year = {2021},
}

@article{junkermann2009,
	title = {Land use change suppresses precipitation},
	language = {en},
	journal = {Atmos. Chem. Phys.},
	author = {Junkermann, W and Hacker, J and Lyons, T and Nair, U},
	year = {2009},
	pages = {9},
}

@techreport{petaja2016,
	title = {Biogenic {Aerosols}—{Effects} on {Clouds} and {Climate} ({BAECC}) {Final} {Campaign} {Summary}},
	url = {http://www.osti.gov/servlets/purl/1242990/},
	language = {en},
	number = {DOE/SC-ARM--15-051, 1242990},
	urldate = {2022-06-02},
	author = {Petäjä, T and Moisseev, D and Sinclair, V and O’Connor, E and Manninen, A and Levula, J and Väänänen, R and Heikkinen, L and Äijälä, M and Aalto, J and Thornton, Ja},
	month = mar,
	year = {2016},
	doi = {10.2172/1242990},
	pages = {DOE/SC--ARM--15--051, 1242990},
}

@article{schneider2006,
	title = {The {General} {Circulation} of the {Atmosphere}},
	volume = {34},
	doi = {10.1146/ annurev.earth.34.031405.125144},
	language = {en},
	journal = {Annual Review of Earth and Planetary Science},
	author = {Schneider, Tapio},
	year = {2006},
	pages = {655--688},
}

@article{held1980,
	title = {Nonlinear {Axially} {Symmetric} {Circulations} in a {Nearly} {Inviscid} {Atmosphere}},
	volume = {37},
	issn = {0022-4928, 1520-0469},
	url = {http://journals.ametsoc.org/doi/10.1175/1520-0469(1980)037<0515:NASCIA>2.0.CO;2},
	doi = {10.1175/1520-0469(1980)037<0515:NASCIA>2.0.CO;2},
	language = {en},
	number = {3},
	urldate = {2022-11-17},
	journal = {Journal of the Atmospheric Sciences},
	author = {Held, Isaac M. and Hou, Arthur Y.},
	month = mar,
	year = {1980},
	pages = {515--533},
}

@article{caballero2008,
	title = {Axisymmetric, nearly inviscid circulations in non-condensing radiative-convective atmospheres},
	volume = {134},
	issn = {00359009, 1477870X},
	url = {https://onlinelibrary.wiley.com/doi/10.1002/qj.271},
	doi = {10.1002/qj.271},
	language = {en},
	number = {634},
	urldate = {2022-11-17},
	journal = {Quarterly Journal of the Royal Meteorological Society},
	author = {Caballero, Rodrigo and Pierrehumbert, Raymond T. and Mitchell, Jonathan L.},
	month = jul,
	year = {2008},
	pages = {1269--1285},
}

@article{bunyard2017,
	title = {Condensation and partial pressure change as a major cause of airflow: {Experimental} evidence},
	volume = {84},
	issn = {2346-2183, 0012-7353},
	shorttitle = {Condensation and partial pressure change as a major cause of airflow},
	url = {https://revistas.unal.edu.co/index.php/dyna/article/view/61253},
	doi = {10.15446/dyna.v84n202.61253},
	language = {en},
	number = {202},
	urldate = {2021-11-02},
	journal = {DYNA},
	author = {Bunyard, Peter Paul and Hodnett, Martin and Peña, Carlos and Burgos Salcedo, Javier},
	month = jul,
	year = {2017},
	pages = {92--101}
}

@techreport{bunyard2015,
	type = {preprint},
	title = {Experimental evidence of condensation-driven airflow},
	url = {https://hess.copernicus.org/preprints/12/10921/2015/},
	language = {en},
	urldate = {2021-11-03},
	institution = {Hydrometeorology/Instruments and observation techniques},
	author = {Bunyard, P. and Hodnett, M. and Poveda, G. and Burgos Salcedo, J. D. and Peña, C.},
	month = oct,
	year = {2015},
	doi = {10.5194/hessd-12-10921-2015},
}

@article{bunyard2019,
	title = {Further experimental evidence that condensation is a major cause of airflow},
	volume = {86},
	issn = {2346-2183, 0012-7353},
	url = {https://revistas.unal.edu.co/index.php/dyna/article/view/73288},
	doi = {10.15446/dyna.v86n209.73288},
	language = {en},
	number = {209},
	urldate = {2021-11-03},
	journal = {DYNA},
	author = {Bunyard, Peter Paul and Hodnett, Martin and Peña, Carlos and Burgos-Salcedo, Javier D.},
	month = apr,
	year = {2019},
	pages = {56--63},
}

@article{makarieva2009,
	title = {Condensation-induced dynamic gas fluxes in a mixture of condensable and non-condensable gases},
	volume = {373},
	issn = {03759601},
	url = {https://linkinghub.elsevier.com/retrieve/pii/S0375960109006690},
	doi = {10.1016/j.physleta.2009.05.057},
	language = {en},
	number = {32},
	urldate = {2021-11-02},
	journal = {Physics Letters A},
	author = {Makarieva, Anastassia M. and Gorshkov, Victor G.},
	month = aug,
	year = {2009},
	pages = {2801--2804},
}

@article{makarieva2009_evidence,
	title = {Precipitation on land versus distance from the ocean: {Evidence} for a forest pump of atmospheric moisture},
	volume = {6},
	issn = {1476945X},
	shorttitle = {Precipitation on land versus distance from the ocean},
	url = {https://linkinghub.elsevier.com/retrieve/pii/S1476945X08000834},
	doi = {10.1016/j.ecocom.2008.11.004},
	language = {en},
	number = {3},
	urldate = {2021-11-02},
	journal = {Ecological Complexity},
	author = {Makarieva, Anastassia M. and Gorshkov, Victor G. and Li, Bai-Lian},
	month = sep,
	year = {2009},
	pages = {302--307},
}

@article{makarieva2010,
	title = {The {Biotic} {Pump}: {Condensation}, atmospheric dynamics and climate},
	volume = {5},
	issn = {1465-6620, 1741-5322},
	shorttitle = {The {Biotic} {Pump}},
	url = {http://www.inderscience.com/link.php?id=38729},
	doi = {10.1504/IJW.2010.038729},
	language = {en},
	number = {4},
	urldate = {2021-11-02},
	journal = {International Journal of Water},
	author = {Makarieva, Anastassia M. and Gorshkov, Victor G.},
	year = {2010},
	pages = {365},
}

@article{makarieva2013_revisiting,
	title = {Revisiting forest impact on atmospheric water vapor transport and precipitation},
	volume = {111},
	issn = {0177-798X, 1434-4483},
	url = {http://link.springer.com/10.1007/s00704-012-0643-9},
	doi = {10.1007/s00704-012-0643-9},
	language = {en},
	number = {1-2},
	urldate = {2021-11-02},
	journal = {Theoretical and Applied Climatology},
	author = {Makarieva, Anastassia M. and Gorshkov, Victor G. and Li, Bai-Lian},
	month = jan,
	year = {2013},
	pages = {79--96},
}

@article{makarieva2014,
	title = {Condensational power of air circulation in the presence of a horizontal temperature gradient},
	volume = {378},
	issn = {03759601},
	url = {https://linkinghub.elsevier.com/retrieve/pii/S0375960113010682},
	doi = {10.1016/j.physleta.2013.11.019},
	language = {en},
	number = {3},
	urldate = {2021-11-02},
	journal = {Physics Letters A},
	author = {Makarieva, Anastassia M. and Gorshkov, Victor G. and Nefiodov, A.V.},
	month = jan,
	year = {2014},
	pages = {294--298},
}

@article{meesters2009,
	title = {Comment on "biotic pump of atmospheric moisture as driver of the hydrological cycle on land" by {A}. {M}. {Makarieva} and {V}. {G}. {Gorshkov}, {Hydrol}. {Earth} {Syst}. {Sci}., 11, 1013-1033, 2007},
	volume = {13},
	issn = {1027-5606},
	doi = {10.5194/hess-13-1299-2009},
	language = {English},
	number = {7},
	journal = {Hydrology and Earth System Sciences},
	author = {Meesters, A.G.C.A. and Dolman, A.J. and Bruijnzeel, L.A.},
	year = {2009},
	pages = {1299--1305},
}

@article{makarieva2009_meesters,
	title = {Reply to {A}. {G}. {C}. {A}. {Meesters} et al.'s comment on "{Biotic} pump of atmospheric moisture as driver of the hydrological cycle on land"},
	volume = {13},
	issn = {1607-7938},
	url = {https://hess.copernicus.org/articles/13/1307/2009/},
	doi = {10.5194/hess-13-1307-2009},
	language = {en},
	number = {7},
	urldate = {2021-11-02},
	journal = {Hydrology and Earth System Sciences},
	author = {Makarieva, A. M. and Gorshkov, V. G.},
	month = jul,
	year = {2009},
	pages = {1307--1311},
}

@article{jaramillo2018,
	title = {Is {Condensation}-{Induced} {Atmospheric} {Dynamics} a {New} {Theory} of the {Origin} of the {Winds}?},
	volume = {75},
	issn = {0022-4928, 1520-0469},
	url = {https://journals.ametsoc.org/doi/10.1175/JAS-D-17-0293.1},
	doi = {10.1175/JAS-D-17-0293.1},
	language = {en},
	number = {10},
	urldate = {2021-11-03},
	journal = {Journal of the Atmospheric Sciences},
	author = {Jaramillo, A. and Mesa, O. J. and Raymond, D. J.},
	month = oct,
	year = {2018},
	pages = {3305--3312},
}

@article{jaramillo2019,
	title = {Reply to “{Comments} on ‘{Is} {Condensation}-{Induced} {Atmospheric} {Dynamics} a {New} {Theory} of the {Origin} of the {Winds}?’”},
	volume = {2019},
	issn = {0022-4928, 1520-0469},
	shorttitle = {Reply to “{Comments} on ‘{Is} {Condensation}-{Induced} {Atmospheric} {Dynamics} a {New} {Theory} of the {Origin} of the {Winds}?},
	url = {https://journals.ametsoc.org/doi/10.1175/JAS-D-19-0025.1},
	doi = {10.1175/JAS-D-19-0025.1},
	language = {en},
	number = {1},
	urldate = {2021-11-03},
	journal = {Journal of the Atmospheric Sciences},
	author = {Jaramillo, A. and Mesa, O. J. and Raymond, D. J.},
	month = jul,
	year = {2019},
	pages = {86--90},
}

@article{makarieva2019_jaramillo,
	title = {Comments on “{Is} {Condensation}-{Induced} {Atmospheric} {Dynamics} a {New} {Theory} of the {Origin} of the {Winds}?”},
	volume = {2019},
	issn = {0022-4928, 1520-0469},
	shorttitle = {Comments on “{Is} {Condensation}-{Induced} {Atmospheric} {Dynamics} a {New} {Theory} of the {Origin} of the {Winds}?},
	url = {https://journals.ametsoc.org/doi/10.1175/JAS-D-18-0358.1},
	doi = {10.1175/JAS-D-18-0358.1},
	language = {en},
	number = {1},
	urldate = {2021-11-03},
	journal = {Journal of the Atmospheric Sciences},
	author = {Makarieva, A. M. and Gorshkov, V. G. and Nobre, A. D. and Nefiodov, A. V. and Sheil, D. and Nobre, P. and Li, B.-L.},
	month = jul,
	year = {2019},
	pages = {81--85},
}

@MISC{eumetstat,
	title = {{A} {Y}ear of {W}eather 2018},
	howpublished = {\url{https://web.archive.org/web/20221117113355/https://www.youtube.com/watch?v=wVRbeGc_6zM}},
	note = {Last Accessed: November 17th, 2022},
	author = {{EUMETSTAT}},
	month = feb,
	year = {2018},
}

@article{rosenkranz2015,
	title = {Effect of land-use change and management on biogenic volatile organic compound emissions - selecting climate-smart cultivars: {Climate}-smart {BVOC} emissions},
	volume = {38},
	issn = {01407791},
	shorttitle = {Effect of land-use change and management on biogenic volatile organic compound emissions - selecting climate-smart cultivars},
	url = {https://onlinelibrary.wiley.com/doi/10.1111/pce.12453},
	doi = {10.1111/pce.12453},
	language = {en},
	number = {9},
	urldate = {2022-06-20},
	journal = {Plant, Cell \& Environment},
	author = {Rosenkranz, Maaria and Pugh, Thomas A. M. and Schnitzler, Jörg-Peter and Arneth, Almut},
	month = sep,
	year = {2015},
	pages = {1896--1912},
}

@article{petaja2022,
	title = {Influence of biogenic emissions from boreal forests on aerosol–cloud interactions},
	volume = {15},
	issn = {1752-0894, 1752-0908},
	url = {https://www.nature.com/articles/s41561-021-00876-0},
	doi = {10.1038/s41561-021-00876-0},
	language = {en},
	number = {1},
	urldate = {2022-06-09},
	journal = {Nature Geoscience},
	month = jan,
	year = {2022},
	pages = {42--47},
}

@article{spracklen2012,
	title = {Observations of increased tropical rainfall preceded by air passage over forests},
	volume = {489},
	issn = {0028-0836, 1476-4687},
	url = {http://www.nature.com/articles/nature11390},
	doi = {10.1038/nature11390},
	language = {en},
	number = {7415},
	urldate = {2022-06-20},
	journal = {Nature},
	author = {Spracklen, D. V. and Arnold, S. R. and Taylor, C. M.},
	month = sep,
	year = {2012},
	pages = {282--285},
}