% This file was created with JabRef 2.9.2.
% Encoding: ISO8859_1

% Order alphabetically
% Make sure all are consistent -- e.g. either all have Month or None do
% Use something like https://flamingtempura.github.io/bibtex-tidy/ to clean all your bibtex entries

