% This file was created with JabRef 2.9.2.
% Encoding: ISO8859_1

% Order alphabetically
% Make sure all are consistent -- e.g. either all have Month or None do
% Use something like https://flamingtempura.github.io/bibtex-tidy/ to clean all your bibtex entries

@article{fedosin2015,
	title = {Four-dimensional equation of motion for viscous compressible and charged fluid with regard to the acceleration field, pressure field and dissipation field},
	volume = {18},
	issn = {2146-1511, 1301-9724},
	url = {http://dergipark.gov.tr/doi/10.5541/ijot.5000034003},
	doi = {10.5541/ijot.5000034003},
	language = {en},
	number = {1},
	urldate = {2022-10-30},
	journal = {International Journal of Thermodynamics},
	author = {Fedosin, Sergey G.},
	month = mar,
	year = {2015},
	pages = {13}
}

@book{green1998,
	title = {Solar {Cells}: {Operating} {Principles}, {Technology} and {System} {Applications}},
	publisher = {The University of New South Wales},
	author = {Green, Martin A.},
	year = {1998},
}

@book{wurfel2016,
	edition = {Third},
	title = {Physics of {Solar} {Cells}: {From} {Basic} {Principles} to {Advanced} {Concepts}},
	publisher = {Wiley-VCH},
	author = {Wurfel, Peter and Wurfel, Uli},
	year = {2016},
}
